<record><leader>00000cas a22000007a 4500</leader><controlfield tag="001">11765602</controlfield><controlfield tag="008">850305d18541854iauwr ne      0    0eng d</controlfield><datafield ind1=" " ind2=" " tag="010"><subfield code="a">sn 85049536 </subfield></datafield><datafield ind1=" " ind2=" " tag="040"><subfield code="a">INP</subfield><subfield code="b">eng</subfield><subfield code="c">INP</subfield><subfield code="d">OCLCQ</subfield></datafield><datafield ind1=" " ind2=" " tag="042"><subfield code="a">msc</subfield></datafield><datafield ind1="0" ind2="0" tag="245"><subfield code="a">Iowa state journal, and sunbeam.</subfield></datafield><datafield ind1="3" ind2="0" tag="246"><subfield code="a">Sunbeam</subfield></datafield><datafield ind1=" " ind2=" " tag="260"><subfield code="a">Iowa City [Iowa] :</subfield><subfield code="b">S.S. Howe,</subfield><subfield code="c">1854-</subfield></datafield><datafield ind1=" " ind2=" " tag="300"><subfield code="a">v. ;</subfield><subfield code="c">52 cm.</subfield></datafield><datafield ind1=" " ind2=" " tag="310"><subfield code="a">Weekly</subfield></datafield><datafield ind1="0" ind2=" " tag="362"><subfield code="a">Vol. 3, no. 22 (July 20, 1854)-</subfield></datafield><datafield ind1="1" ind2=" " tag="362"><subfield code="a">Ceased in Sept. 1854?</subfield><subfield code="z">Cf. Bibl. of Iowa newspapers.</subfield></datafield><datafield ind1=" " ind2=" " tag="500"><subfield code="a">"Devoted to strict temperance, popular education, and general intelligence."</subfield></datafield><datafield ind1=" " ind2=" " tag="500"><subfield code="a">Editor: S. Storrs Howe.</subfield></datafield><datafield ind1=" " ind2=" " tag="752"><subfield code="a">United States</subfield><subfield code="b">Iowa</subfield><subfield code="c">Johnson</subfield><subfield code="d">Iowa City.</subfield></datafield><datafield ind1="0" ind2="0" tag="780"><subfield code="t">Iowa state journal (Iowa City, Iowa)</subfield><subfield code="w">(DLC)sn 85049535</subfield></datafield><datafield ind1="1" ind2=" " tag="029"><subfield code="a">AU@</subfield><subfield code="b">000025841587</subfield></datafield></record>